@Article{burton_design_2006,
  title = {The Design of Simulation Studies in Medical Statistics},
  author = {Andrea Burton and Douglas G. Altman and Patrick Royston and Roger L. Holder},
  year = {2006},
  month = {dec},
  volume = {25},
  pages = {4279--4292},
  issn = {02776715, 10970258},
  doi = {10.1002/sim.2673},
  file = {C\:\\Users\\Anna\\Dropbox\\anna\\projects\\zotero\\Burton et al. - 2006 - The design of simulation studies in medical statis.pdf},
  journal = {Statistics in Medicine},
  language = {en},
  number = {24},
}

@article{rougier_sustainable_2017-1,
  title = {Sustainable Computational Science: The {{ReScience}} Initiative},
  shorttitle = {Sustainable Computational Science},
  author = {Rougier, Nicolas P. and Hinsen, Konrad and Alexandre, Fr{\'e}d{\'e}ric and Arildsen, Thomas and Barba, Lorena A. and Benureau, Fabien C.Y. and Brown, C. Titus and {de Buyl}, Pierre and Caglayan, Ozan and Davison, Andrew P. and Delsuc, Marc-Andr{\'e} and Detorakis, Georgios and Diem, Alexandra K. and Drix, Damien and Enel, Pierre and Girard, Beno{\^i}t and Guest, Olivia and Hall, Matt G. and Henriques, Rafael N. and Hinaut, Xavier and Jaron, Kamil S. and Khamassi, Mehdi and Klein, Almar and Manninen, Tiina and Marchesi, Pietro and McGlinn, Daniel and Metzner, Christoph and Petchey, Owen and Plesser, Hans Ekkehard and Poisot, Timoth{\'e}e and Ram, Karthik and Ram, Yoav and Roesch, Etienne and Rossant, Cyrille and Rostami, Vahid and Shifman, Aaron and Stachelek, Joseph and Stimberg, Marcel and Stollmeier, Frank and Vaggi, Federico and Viejo, Guillaume and Vitay, Julien and Vostinar, Anya E. and Yurchak, Roman and Zito, Tiziano},
  year = {2017},
  month = dec,
  volume = {3},
  pages = {e142},
  issn = {2376-5992},
  doi = {10.7717/peerj-cs.142},
  journal = {PeerJ Computer Science},
  language = {en}
}